@misc{LinuxFoundation_url,
  howpublished={https://www.linuxfoundation.org},
  title={{Linux Foundation}},
}

@misc{OBS_url,
  howpublished={http://openbuildservice.org},
  title={{Open Build Service}},
}

@misc{TSC_url,
  howpublished={https://github.com/openhpc/ohpc/wiki/Governance-Overview},
  title={{OpenHPC Governance}},
}

@misc{Lustre_url,
  howpublished={http://lustre.org},
  title={{Lustre Parallel File System}},
}

@misc{epel_url,
  url = {https://fedoraproject.org/wiki/EPEL},
  title = {{Extra Packages for Enterprise Linux (EPEL)}},
}
    